<?xml version="1.0" encoding="UTF-8"?><collection xmlns="http://www.loc.gov/MARC21/slim"><record><leader>00508nam--2200133-i-4500</leader><controlfield tag="001">000038459</controlfield><controlfield tag="002">20161230</controlfield><controlfield tag="005">20161230201041</controlfield><controlfield tag="008">060222s1000------------r-----000-0-eng-d</controlfield><datafield ind1=" " ind2=" " tag="080"><subfield code="a">539:539.1.074.3</subfield></datafield><datafield ind1=" " ind2=" " tag="245"><subfield code="a">Renevey de montagny-la-ville, jean-francois</subfield></datafield><datafield ind1=" " ind2=" " tag="260"><subfield code="a">Une Mesure Du Pouvoir D`Analyse Du C12 Pour Des Protons Entre 180 Et 300 Mev, Contribution A L`Etude De La Diffusion (P-c12) Avec Un Polarimetre A Chambres A Etincelles. These</subfield></datafield><datafield ind1=" " ind2=" " tag="490"><subfield code="a">Geneve, Ecole De Physique, 1968, 68p</subfield></datafield><datafield ind1=" " ind2=" " tag="852"><subfield code="a">35603</subfield></datafield></record></collection>